date,amazon_ads_c,facebook_ads_c,google_ads_c,microsoft_ads_c,sales
1/1/2022,0,,2012.71679,0,1023
1/2/2022,0,,2513.760762,0,1248
1/3/2022,0,,2866.456807,0,1468
1/4/2022,0,,9075.538446,0,2807
1/5/2022,0,,8763.008392,0,2676
1/6/2022,0,,10511.44555,0,3000
1/7/2022,0,,10506.47223,0,2678
1/8/2022,0,,8587.879758,0,2110
1/9/2022,0,,7216.834587,0,2049
1/10/2022,0,,10772.17359,0,2812
1/11/2022,0,,10019.57317,0,2750
1/12/2022,0,,9146.013146,0,2536
1/13/2022,0,,8797.572212,0,2398
1/14/2022,0,,8901.769826,0,2452
1/15/2022,0,,8176.889897,0,2098
1/16/2022,0,,8002.003187,0,2160
1/17/2022,0,,10026.78051,0,2742
1/18/2022,0,,9664.875437,0,2536
1/19/2022,0,,9120.452822,0,2540
1/20/2022,0,,9689.394804,0,2638
1/21/2022,0,,9618.304318,0,2463
1/22/2022,0,,8400.039375,0,2065
1/23/2022,0,,8224.842186,0,1970
1/24/2022,0,,10495.37468,0,2856
1/25/2022,0,,9774.843136,0,2818
1/26/2022,0,,9785.403854,0,2651
1/27/2022,0,,9592.646367,0,2595
1/28/2022,0,,9465.164097,0,2560
1/29/2022,0,,7998.811075,0,2058
1/30/2022,0,,6774.995178,0,1998
1/31/2022,0,,9475.926076,0,3057
2/1/2022,0,,8934.270647,0,2871
2/2/2022,0,,9038.194283,0,2854
2/3/2022,0,,8994.444642,0,2500
2/4/2022,0,,9412.279237,0,2370
2/5/2022,0,,8651.112067,0,1879
2/6/2022,0,,8866.706398,0,2103
2/7/2022,0,,10146.13432,0,2508
2/8/2022,0,,9867.760303,0,2527
2/9/2022,0,,9535.184614,0,2440
2/10/2022,0,,9619.631091,0,2520
2/11/2022,0,,8824.000008,0,2334
2/12/2022,0,,7643.85948,0,1813
2/13/2022,0,,8234.213957,0,2007
2/14/2022,0,,9859.90871,0,2561
2/15/2022,0,,9405.99231,0,2583
2/16/2022,0,,9866.790327,0,2373
2/17/2022,0,,9161.614823,0,2332
2/18/2022,0,,7935.677651,0,2248
2/19/2022,0,,7321.82422,0,1835
2/20/2022,0,,7489.48892,0,1944
2/21/2022,0,,9518.992646,0,2597
2/22/2022,0,,9049.486753,0,2521
2/23/2022,0,,9241.499165,0,2341
2/24/2022,0,,8790.704263,0,2192
2/25/2022,0,,8353.511572,0,2486
2/26/2022,0,,6823.377217,0,1920
2/27/2022,0,,7254.368355,0,2012
2/28/2022,0,,10633.26453,0,3057
3/1/2022,0,,9860.788764,0,2639
3/2/2022,0,,10587.19191,0,2680
3/3/2022,0,,9909.972783,0,2501
3/4/2022,0,,8726.553435,0,2218
3/5/2022,0,,7926.119374,0,1943
3/6/2022,0,,7942.767711,0,1968
3/7/2022,0,,9825.294559,0,2586
3/8/2022,0,,8995.217328,0,2411
3/9/2022,0,,8211.567112,0,2281
3/10/2022,0,,6666.541017,0,2057
3/11/2022,0,,5995.272541,0,2073
3/12/2022,0,,4682.698095,0,1598
3/13/2022,0,,5058.100536,0,1741
3/14/2022,0,,6196.290466,0,2200
3/15/2022,0,,6106.870555,0,2423
3/16/2022,0,,6436.396488,0,2528
3/17/2022,0,,5855.086999,0,2135
3/18/2022,0,,5791.53553,0,1946
3/19/2022,0,,5107.492688,0,1693
3/20/2022,0,,5782.657375,0,1944
3/21/2022,0,,6302.891962,0,1782
3/22/2022,0,,9088.090847,0,2864
3/23/2022,0,,8948.139797,0,2485
3/24/2022,0,,8722.087498,0,2482
3/25/2022,0,,9596.708163,0,2307
3/26/2022,0,,8100.591183,0,1795
3/27/2022,0,,8886.058062,0,1908
3/28/2022,0,,13068.06078,0,2903
3/29/2022,0,,13031.3579,0,2963
3/30/2022,0,,12920.48534,0,2728
3/31/2022,0,,16201.03173,0,3041
4/1/2022,0,,13145.97416,0,2621
4/2/2022,0,,10996.5556,0,2340
4/3/2022,0,,11249.87794,0,2372
4/4/2022,0,,13611.24255,0,3074
4/5/2022,0,,11965.61931,0,2753
4/6/2022,0,,12461.38912,0,2759
4/7/2022,0,,11793.86915,0,2552
4/8/2022,0,,10296.0681,0,2300
4/9/2022,0,,7336.748487,0,1765
4/10/2022,0,,8015.387945,0,1942
4/11/2022,0,,10580.50918,0,2631
4/12/2022,0,,11721.41838,0,2546
4/13/2022,0,,11014.40162,0,2443
4/14/2022,0,,10937.43509,0,2498
4/15/2022,0,,7506.977224,0,1639
4/16/2022,0,,6193.992511,0,1407
4/17/2022,0,0,6166.34053,0,1481
4/18/2022,0,0,7948.784362,0,2058
4/19/2022,0,0,10463.16477,0,2931
4/20/2022,0,0,9359.965821,0,2565
4/21/2022,0,0,8986.561789,0,2671
4/22/2022,0,7.93,9293.256357,0,2391
4/23/2022,0,21.44,7480.158129,0,2082
4/24/2022,0,21.33,7696.448972,0,2058
4/25/2022,0,20.08,11047.98404,0,3060
4/26/2022,0,12.77,9437.609515,0,2633
4/27/2022,0,8.74,9633.082635,0,2326
4/28/2022,0,11.18,11597.74167,0,2504
4/29/2022,0,10.75,9766.063209,0,2475
4/30/2022,0,11.37,5577.083121,0,1609
5/1/2022,0,12,6830.87027,0,1875
5/2/2022,0,10.7,8156.212661,0,2302
5/3/2022,0,1.71,10710.01977,0,2709
5/4/2022,0,2.93,9179.651353,0,2646
5/5/2022,0,3.91,9354.005944,0,2470
5/6/2022,0,5.58,8687.495282,0,2302
5/7/2022,0,6.3,7424.684675,0,1866
5/8/2022,0,6.4,7616.48007,0,2088
5/9/2022,0,6.11,10310.85002,0,2871
5/10/2022,0,5.83,8753.924195,0,2771
5/11/2022,0,5.6,9452.554479,0,2311
5/12/2022,0,5.64,9125.294568,0,2174
5/13/2022,0,5.46,9511.568676,0,2191
5/14/2022,0,6.06,6321.23884,0,1522
5/15/2022,0,6.22,7191.383995,0,2080
5/16/2022,0,6.11,10116.75125,0,2515
5/17/2022,0,5.47,9129.435504,0,2409
5/18/2022,0,5.61,9637.790851,0,2280
5/19/2022,0,5.23,9202.230258,0,2196
5/20/2022,0,5.28,9247.793254,0,2138
5/21/2022,0,5.85,7329.671162,0,1666
5/22/2022,0,6.25,7747.664653,0,1884
5/23/2022,0,5.1,11544.25394,0,2641
5/24/2022,0,4.89,9502.376726,0,2327
5/25/2022,0,5.53,7371.826537,0,2286
5/26/2022,0,5.47,10913.43219,0,2295
5/27/2022,0,4.64,9514.256731,0,1942
5/28/2022,0,5.57,7793.2262,0,1282
5/29/2022,0,6.08,4050.342333,0,1111
5/30/2022,0,5.89,2017.780793,0,1277
5/31/2022,0,0.99,1577.970296,0,1267
6/1/2022,0,3.91,11699.14301,0,2150
6/2/2022,0,6.35,7970.884498,0,1546
6/3/2022,0,6.44,7264.322835,0,1446
6/4/2022,0,7.15,6935.764069,0,1486
6/5/2022,0,7.39,8443.473669,0,1857
6/6/2022,0,6.85,12843.90486,0,2636
6/7/2022,0,6.54,11727.72123,0,2380
6/8/2022,0,6.46,11905.76733,0,2304
6/9/2022,0,6.55,12281.94821,0,2351
6/10/2022,0,6.78,11612.96351,0,2161
6/11/2022,0,6.96,8800.70696,0,1736
6/12/2022,0,7.13,8802.856408,0,1669
6/13/2022,0,7.05,11969.56786,0,2423
6/14/2022,0,5.49,10250.26887,0,2378
6/15/2022,0,6.59,9573.479761,0,2152
6/16/2022,0,6.49,8975.560918,0,2143
6/17/2022,0,6.39,5398.245183,0,1599
6/18/2022,0,6.71,3861.164001,0,1285
6/19/2022,0,6.97,3936.359638,0,1316
6/20/2022,0,6.31,5353.635156,0,2035
6/21/2022,0,6.49,4962.650879,0,1903
6/22/2022,0,6.06,3308.045039,0,1504
6/23/2022,0,5.67,2460.99,0,1357
6/24/2022,0,1.27,2174.2,0,1277
6/25/2022,0,0,1713.26,0,1035
6/26/2022,0,0,1545.95,0,961
6/27/2022,0,0,3747.539999,0,1989.44
6/28/2022,0,0,2772.22,0,1718.17
6/29/2022,0,0,2591.33,0,1764.82
6/30/2022,0,0,2746.12,0,1553
7/1/2022,0,0,3904.56,0,1971.34
7/2/2022,0,0,3349.87,0,1524
7/3/2022,0,0,3366.31,0,1678.58
7/4/2022,0,0,6327.34,0,2425.14
7/5/2022,0,0,6493.78,0,2308.9
7/6/2022,0,0,6843.51,0,2295.39
7/7/2022,0,0,7488.84,0,1969.7
7/8/2022,0,0,7188.43,0,1959.65
7/9/2022,0,0,5402.71,0,1468.08
7/10/2022,0,0,5327.61,0,1505.93
7/11/2022,0,0,7387.91,0,2294.2
7/12/2022,0,0,8904.240864,0,2574.04
7/13/2022,0,0,9154.873927,0,2194.54
7/14/2022,0,2.35,12099.6487,0,2330.96
7/15/2022,0,6.86,7644.62,0,1854.31
7/16/2022,0,7.52,5406.22,0,1417.36
7/17/2022,0,8.02,5375.84,0,1476.75
7/18/2022,0,7.67,6995.35,0,2068.45
7/19/2022,0,7.36,13665.93244,0,2192.24
7/20/2022,0,6.81,9340.829774,0,2281.42
7/21/2022,0,7.38,8197.447839,0,2363.77
7/22/2022,0,7.12,8758.608302,0,2403.72
7/23/2022,0,7.58,7876.995119,0,1915.89
7/24/2022,0,7.99,7770.825144,0,2103.99
7/25/2022,0,7.69,10020.05632,0,3120.72
7/26/2022,0,7.36,8861.538709,0,2629.7
7/27/2022,0,7.09,8183.762201,0,2501.89
7/28/2022,0,6.92,8005.72202,0,2589.43
7/29/2022,0,6.91,8649.290323,0,2594.3
7/30/2022,0,7.55,6585.922407,0,2026.22
7/31/2022,0,8.21,6486.156559,0,2174.65
8/1/2022,0,7.2,10067.06189,0,2971.56
8/2/2022,0,7.04,9666.082361,0,2721.98
8/3/2022,0,7.18,9778.450293,0,2565.55
8/4/2022,0,6.91,9056.52409,0,2492.7
8/5/2022,0,6.71,7964.806088,0,2315.34
8/6/2022,0,7.15,6266.629856,0,1757.4
8/7/2022,0,7.56,6058.577183,0,1941.27
8/8/2022,0,6.56,8063.024896,0,2686.31
8/9/2022,0,7.16,7587.326994,0,2396.9
8/10/2022,0,6.57,7616.016636,0,2328.27
8/11/2022,0,1.57,7113.255831,0,2148.33
8/12/2022,0,0,6834.273558,0,2135.95
8/13/2022,0,0,5191.188897,0,1513.8
8/14/2022,0,0,5692.696097,0,1728.59
8/15/2022,0,0,9885.753253,0,2829.6
8/16/2022,0,0,11081.34665,0,2733.01
8/17/2022,0,0,11785.94314,0,2751.61
8/18/2022,0,0,11412.26431,0,2548.63
8/19/2022,0,0,10678.28333,0,2466.57
8/20/2022,0,0,8594.248133,0,1956.7
8/21/2022,0,0,9104.925837,0,2117.27
8/22/2022,0,0,12318.95059,0,2753.24
8/23/2022,0,0,11696.31755,0,2751.71
8/24/2022,0,0,11483.55775,0,2546.03
8/25/2022,0,0,11957.10051,0,2621.75
8/26/2022,0,0,11531.81195,0,2672.27
8/27/2022,0,0,8738.03314,0,1937.09
8/28/2022,0,0,8180.727659,0,1802.54
8/29/2022,0,0,10047.77037,0,2256.63
8/30/2022,0,0,11816.31855,0,2937.51
8/31/2022,0,0,8045.644612,0,2762.37
9/1/2022,0,0,6667.561622,0,2375.71
9/2/2022,0,0,6309.660861,0,2189.64
9/3/2022,0,0,5152.348924,0,1858.45
9/4/2022,0,0,5403.024465,0,1949.29
9/5/2022,0,0,8230.961511,0,2652.58
9/6/2022,0,0,10364.10303,0,2561.9
9/7/2022,0,0,11740.522,0,2561.78
9/8/2022,0,0,9858.597109,0,2170.95
9/9/2022,0,0,5851.578547,0,1558.53
9/10/2022,0,0,4007.958416,0,1277.51
9/11/2022,0,0,4484.056355,0,1590.73
9/12/2022,0,0,8152.88107,0,2434.33
9/13/2022,0,0,8944.239787,0,2391.64
9/14/2022,0,0,9058.628042,0,2223.71
9/15/2022,0,0,9851.424557,0,2441.17
9/16/2022,0,0,9486.316545,0,2238.73
9/17/2022,0,0,7255.624071,0,1689.73
9/18/2022,0,0,5550.946667,0,1576.58
9/19/2022,0,0,6286.429312,0,1722.83
9/20/2022,0,0,9930.96803,0,2558.96
9/21/2022,0,0,10078.102,0,2445.28
9/22/2022,0,0,11671.07631,0,2479.84
9/23/2022,0,0,12178.00167,0,2367.12
9/24/2022,0,0,9329.628156,0,1831.46
9/25/2022,0,0,9999.139655,0,1870.43
9/26/2022,0,0,13305.26586,0,2821.79
9/27/2022,0,0,13115.40162,0,2632.11
9/28/2022,0,0,13567.90221,0,2656.87
9/29/2022,0,0,12523.16437,0,2377.37
9/30/2022,0,0,11440.32182,0,2481.83
10/1/2022,0,0,9567.848938,0,2052.45
10/2/2022,0,0,9818.219294,0,1786.59
10/3/2022,0,0,14292.95725,0,2942.92
10/4/2022,0,0,15135.45129,0,2670.62
10/5/2022,0,0,15000.14589,0,2713.52
10/6/2022,0,0,13134.0357,0,2338.19
10/7/2022,0,44.569999,13117.01705,0,2372.22
10/8/2022,0,51.59,10584.95572,0,2077.35
10/9/2022,0,71.54,11173.19407,0,2070.53
10/10/2022,0,81.28,14012.66495,0,2879.41
10/11/2022,0,79.169999,13493.845,0,2649.35
10/12/2022,0,75.89,12565.651,0,2492.17
10/13/2022,0,75.8,12860.39968,0,2483.69
10/14/2022,0,83.05,13543.82375,0,2230.52
10/15/2022,0,95.43,10009.55293,0,1834
10/16/2022,0,101.159999,3730.81988,0,1577.96
10/17/2022,0,107.389999,7565.489803,0,2576.04
10/18/2022,0,116.45,6923.955403,0,2521.6
10/19/2022,0,130.55,6997.761257,0,2309.09
10/20/2022,0,137.64,7273.078923,0,2209.22
10/21/2022,0,135.34,7019.650422,0,2329.5
10/22/2022,0,146.91,5715.650855,0,1779.12
10/23/2022,0,155.199999,6008.615268,0,1912.96
10/24/2022,0,154.769998,7832.099204,0,2743.88
10/25/2022,0,158.089999,8083.494855,0,2466.16
10/26/2022,0,162.319997,8557.188195,0,2578.24
10/27/2022,0,162.269999,8447.648484,0,2556.16
10/28/2022,0,168.59,8055.422369,0,2558.01
10/29/2022,0,174.23,6737.665617,0,1966.52
10/30/2022,0,186.889999,7562.523388,0,2322.44
10/31/2022,0,188.449998,5562.109288,0,2469.9
11/1/2022,0,197.13,10327.70283,0,3157.29
11/2/2022,0,198.05,10787.5085,0,2768.55
11/3/2022,0,193.799999,10376.78335,0,2671.79
11/4/2022,0,188.68,9166.27779,0,2312.06
11/5/2022,0,197.299999,8337.632776,0,2099.06
11/6/2022,0,211.899999,8525.580676,0,2182.36
11/7/2022,0,218.699998,11508.67595,0,3038.43
11/8/2022,0,223.59,10494.42692,0,2764.23
11/9/2022,0,224.959999,10787.18069,0,2573.26
11/10/2022,0,223.54,4823.602987,0,1481.77
11/11/2022,0,243.759999,10772.25625,0,2489.74
11/12/2022,0,260.989999,15958.86877,0,1938.45
11/13/2022,0,254.789998,13092.56769,0,2250
11/14/2022,0,271.759999,10631.78318,0,3114.08
11/15/2022,0,271.47,10364.16145,0,3157.06
11/16/2022,0,262.969999,9485.319439,0,2684.34
11/17/2022,0,270.739998,8358.714122,0,2682.35
11/18/2022,0,272.06,8584.083254,0,2481.66
11/19/2022,0,278.689997,7148.619272,0,1989.41
11/20/2022,0,293.47,8525.518526,0,2337.33
11/21/2022,0,297.389998,11795.36191,0,3100.9
11/22/2022,0,295.509998,10203.89412,0,2589.46
11/23/2022,0,300.089999,10860.85674,0,2704.5
11/24/2022,0,296.39,10586.04409,0,2443.2
11/25/2022,0,352.469998,9884.462972,0,2565.02
11/26/2022,0,364.499999,8230.77589,0,2156.78
11/27/2022,0,379.18,9124.22668,0,2374.19
11/28/2022,0,343.329997,11340.52466,0,3118.48
11/29/2022,0,294.39,9869.043183,0,2716.59
11/30/2022,0,279.029998,11524.3969,0,2968.01
12/1/2022,0,263.72,10154.8641,0,2759.45
12/2/2022,0,277.599998,9175.044693,0,2449.75
12/3/2022,0,308.019997,7507.411221,0,1887.01
12/4/2022,0,319.009999,8260.479585,0,2207.61
12/5/2022,0,275.369998,11900.59153,0,2968.47
12/6/2022,0,235.75,11406.7948,0,2793.21
12/7/2022,0,230.359999,11097.05589,0,2721.88
12/8/2022,0,229.969999,8575.615868,0,2270.41
12/9/2022,0,227.969997,8694.250706,0,2151.32
12/10/2022,0,250.299998,5971.93939,0,1537.57
12/11/2022,0,252.2,7462.004296,0,1820.57
12/12/2022,0,243.929999,13409.11282,0,2455.15
12/13/2022,0,243.31,10127.3935,0,2473.28
12/14/2022,0,232.539999,9700.343163,0,2276.81
12/15/2022,0,238.999998,9287.21588,0,2159.61
12/16/2022,0,238.619999,8069.334238,0,1925.68
12/17/2022,0,250.969999,7169.535861,0,1508.85
12/18/2022,0,265.119999,6885.862116,0,1523.83
12/19/2022,0,251.569999,9236.723145,0,2100.07
12/20/2022,0,235.17,8021.843765,0,1834.42
12/21/2022,0,198.549999,7638.218334,0,1628.55
12/22/2022,0,192.619998,7172.420791,0,1739.43
12/23/2022,0,159.53,7361.770439,0,1507.52
12/24/2022,0,130.389999,4495.996917,0,881.48
12/25/2022,0,136.24,2683.224259,0,497.05
12/26/2022,0,131.82,5727.208315,0,1322.14
12/27/2022,0,126.33,7892.224894,0,2309.72
12/28/2022,0,168.05,9910.387633,0,2797.39
12/29/2022,0,170.999999,11211.16477,0,2955.61
12/30/2022,0,171.15,9690.77736,0,2816.05
12/31/2022,0,194.58,0,0,115
1/1/2023,0,194.84,0,0,134
1/2/2023,0,187.63,8687.599482,0,3429.2
1/3/2023,0,232.039999,16443.17632,0,5013.42
1/4/2023,0,247.21,14949.45079,0,4414.96
1/5/2023,0,286.949998,14910.79732,0,4397.38
1/6/2023,0,311.989998,12839.25418,0,4101.01
1/7/2023,0,337.159999,11510.43341,0,3259.37
1/8/2023,0,357.63,11513.80136,0,3447.43
1/9/2023,0,337.65,14726.60926,0,4957.41
1/10/2023,0,392.959999,12227.51005,0,4334.11
1/11/2023,0,419.069999,11789.81476,0,4385.77
1/12/2023,0,418.16,12384.22573,0,4381.21
1/13/2023,0,427.599999,10919.35175,0,4168.78
1/14/2023,0,442.819999,9613.102786,0,3405.46
1/15/2023,0,469.43,9833.64566,0,3552.06
1/16/2023,0,375.029999,13598.99192,0,4562.3
1/17/2023,0,274.74,11836.67341,0,4101.65
1/18/2023,0,267.759998,11907.96362,0,4045.24
1/19/2023,0,234.21,10307.99202,0,3834.73
1/20/2023,0,227.259999,9915.843521,0,3749.62
1/21/2023,0,241.819999,8321.594206,0,3090.15
1/22/2023,0,253.46,8701.144287,0,3278.28
1/23/2023,0,178.709999,11373.91819,0,4417.48
1/24/2023,0,118.749999,11615.79962,0,3998.56
1/25/2023,0,114.379999,12815.54768,0,4445.88
1/26/2023,0,115.489999,12592.57206,0,3900.44
1/27/2023,0,117.769999,14192.22531,0,4261.95
1/28/2023,0,124.39,13183.60385,0,3486.73
1/29/2023,0,129.67,13233.77601,0,3637.28
1/30/2023,0,123.76,15568.29061,0,4506.15
1/31/2023,0,125.87,16006.76768,0,4748.43
2/1/2023,0,124.21,14838.09542,0,4514.98
2/2/2023,0,122.67,14065.141,0,4175.95
2/3/2023,0,103.19,12408.75092,0,3674
2/4/2023,0,94.649999,10768.45978,0,3291.33
2/5/2023,0,97.04,11447.4308,0,3445.89
2/6/2023,0,95.81,14477.49836,0,4397.12
2/7/2023,0,94.3,13015.61726,0,4338.8
2/8/2023,0,76.389999,13901.38946,0,4413.69
2/9/2023,0,75.59,11296.32057,0,3862.43
2/10/2023,0,78.33,10989.18032,0,3745.08
2/11/2023,0,81.11,10577.81194,0,3086.93
2/12/2023,0,85.66,10378.65296,0,3164.14
2/13/2023,0,81.59,12737.57958,0,4542.68
2/14/2023,0,80.69,12109.46721,0,4271.48
2/15/2023,0,83.069999,12077.47651,0,4378.91
2/16/2023,0,82.209999,12165.20074,0,4231.92
2/17/2023,0,86.45,12420.5852,0,4010.86
2/18/2023,0,92.07,10161.23808,0,3138.57
2/19/2023,0,92.73,10931.50957,0,3533.59
2/20/2023,0,89.19,13351.03948,0,4758.09
2/21/2023,0,84.77,11894.04569,0,4276.49
2/22/2023,0,85.37,11551.52266,0,4277.13
2/23/2023,0,84.749999,12241.50449,0,4260.86
2/24/2023,0,86.9,13021.92855,0,4355.3
2/25/2023,0,96.82,12126.81836,0,3636.49
2/26/2023,0,94.63,12585.65231,0,3729.21
2/27/2023,0,92.33,17934.33012,0,5016.76
2/28/2023,0,90.7,15817.8244,0,5224.94
3/1/2023,0,103.85,7740.853861,0,3095.2
3/2/2023,0,112.5,0,0,86
3/3/2023,0,117.34,9234.903472,0,3052.47
3/4/2023,0,125.85,12466.55264,0,3711.42
3/5/2023,0,131.079999,12882.64456,0,4131.48
3/6/2023,0,129.239997,17887.19337,0,5087.34
3/7/2023,0,129.289999,15170.83002,0,4770.52
3/8/2023,0,127.169999,14782.64682,0,4817.33
3/9/2023,0,125.859999,14656.57854,0,4166.36
3/10/2023,0,125.96,15678.30511,0,4238.01
3/11/2023,0,140.61,14425.53465,0,3651.64
3/12/2023,0,140.809999,14384.34156,0,3563.2
3/13/2023,0,132.58,19577.55786,0,4768
3/14/2023,0,129.86,16756.02695,0,4166.05
3/15/2023,0,130.869999,15735.7617,0,4487.95
3/16/2023,0,128.499999,15096.12366,0,4044.87
3/17/2023,0,139.12,12918.40942,0,4010.63
3/18/2023,0,147.449999,12291.96938,0,3359.72
3/19/2023,0,164.73,11616.59142,0,3313.63
3/20/2023,0,152.179999,15801.55174,0,4772.74
3/21/2023,0,151.21,15071.24971,0,4569.11
3/22/2023,0,154.859999,14454.77652,0,4486.57
3/23/2023,0,154.009999,12465.99114,0,4137.47
3/24/2023,0,154.19,11498.97789,0,4001.52
3/25/2023,0,162.739999,9057.397628,0,3099.03
3/26/2023,0,169.629998,8965.674511,0,3244.81
3/27/2023,0,162.119999,11900.60425,0,4330.32
3/28/2023,0,149.519998,11909.1272,0,4589.33
3/29/2023,0,149.939999,11974.4364,0,4280.13
3/30/2023,0,149.43,14735.55694,0,4253
3/31/2023,0,151.12,17083.9658,0,5194.14
4/1/2023,0,159.529999,13058.258,0,3905.14
4/2/2023,0,167.46,12945.26959,0,4076.74
4/3/2023,0,160.349999,16865.33765,0,5396.74
4/4/2023,0,155.94,15269.34604,0,4880.23
4/5/2023,0,155.459999,14617.92845,0,5134
4/6/2023,0,156.349998,12819.81541,0,4522.91
4/7/2023,0,147.48,9036.4506,0,2972.93
4/8/2023,0,159.43,8487.173195,0,2639.68
4/9/2023,0,171.24,8199.643795,0,2720.93
4/10/2023,0,159.749999,11718.72819,0,4312.25
4/11/2023,0,123,15294.52924,261.71,5553.7
4/12/2023,0,105.31,13265.48289,429.349998,5177.33
4/13/2023,0,105.74,12218.5088,395.139999,5002.6
4/14/2023,0,107.16,11886.23997,389.919998,4795.8
4/15/2023,0,120.929999,8902.342533,179.549999,3289.32
4/16/2023,0,120.06,9492.580758,171.11,3937.95
4/17/2023,0,118.229999,12776.97196,374.51,5449.27
4/18/2023,0,111.98,11924.75564,452.74,4938.25
4/19/2023,0,120.24,12916.7716,735.139999,5036.97
4/20/2023,0,120.72,11328.20043,720.569999,4541.28
4/21/2023,0,124.72,10940.47545,1062.339997,4573.27
4/22/2023,0,133.52,8855.834122,895.649997,3510.92
4/23/2023,0,142.199999,9969.305374,871.629998,4035.71
4/24/2023,0,129.41,14244.67955,1203.759997,5811.98
4/25/2023,0,125.86,13427.59857,967.119999,5607.5
4/26/2023,0,122.099998,13171.50665,946.339995,5313.05
4/27/2023,0,121.08,13752.15797,979.019998,5481.43
4/28/2023,0,120.989999,13641.88533,931.959996,5499.03
4/29/2023,0,130.84,9407.518872,685.48,3672.85
4/30/2023,0,138.649998,9230.403786,725.639998,3626.48
5/1/2023,0,129.83,11568.21174,791.169997,4619.44
5/2/2023,0,125.11,14389.78828,851.059996,5789.38
5/3/2023,0,122.23,13008.70155,729.359996,5330.48
5/4/2023,0,123.65,14650.83279,525.579999,5268.99
5/5/2023,0,121.22,14729.86148,448.619997,4991.29
5/6/2023,0,134.719999,9788.550624,306.979996,3536.77
5/7/2023,0,140.56,9432.257494,302.62,3346.28
5/8/2023,0,132.439998,12515.68567,525.219999,4961.35
5/9/2023,0,127.7,15269.60631,738.119998,6061.94
5/10/2023,0,128.62,15087.01144,898.969999,5999.31
5/11/2023,0,125.81,14075.82419,780.72,5415.02
5/12/2023,0,125.249997,12813.63267,754.459997,4728.11
5/13/2023,0,137.86,9698.412589,399.46,3481.69
5/14/2023,0,142.189999,11111.35223,329.869998,4011.11
5/15/2023,0,137.18,16889.14797,782.459999,6217.53
5/16/2023,0,134.639999,15190.03558,919.4,5477.7
5/17/2023,0,131.069999,15740.16655,1090.379996,5359.33
5/18/2023,0,132.659998,14447.87557,1213.609996,5105.92
5/19/2023,0,137.74,13854.49092,1468.589995,5232.14
5/20/2023,0,150,10298.53206,727.429997,3672.01
5/21/2023,0,144.9,12874.87343,646.239999,4158.33
5/22/2023,0,158.709999,17712.04747,1415.439997,6347.78
5/23/2023,0,163.7,16394.55205,1439.609997,5931.32
5/24/2023,0,191.44,15497.05164,1281.689995,5337.18
5/25/2023,0,183.759999,15130.85185,1307.089996,5498.18
5/26/2023,0,180.11,13884.56504,1139.579999,5300.84
5/27/2023,0,181.24,11259.29128,615.739999,3884.01
5/28/2023,0,195.549999,11636.02253,625.559998,3852.78
5/29/2023,0,193.199999,13938.64745,828.939999,5189.69
5/30/2023,0,159.3,18224.51241,1565.989997,6779.14
5/31/2023,0,133.279999,19135.75344,1479.689993,7257.34
6/1/2023,0,126.48,15991.04902,1258.8,6276.15
6/2/2023,0,123.939999,10939.99413,915.159999,5091.04
6/3/2023,0,123.399999,9175.624986,487.67,3784.83
6/4/2023,0,129.13,10363.99877,514.699998,4041.85
6/5/2023,0,168.83,15520.36292,1009.749998,5788.84
6/6/2023,0,163.88,14362.34964,802.409997,5796.68
6/7/2023,0,156.849999,13776.61606,953.519997,5185.85
6/8/2023,0,156.82,12217.92741,956.209995,5006.87
6/9/2023,0,166.529999,10948.45411,921.109994,4766.09
6/10/2023,0,157.61,8246.561649,458.039999,3561.17
6/11/2023,0,172.289999,9097.262192,497.18,3660.19
6/12/2023,0,164.5,12472.38013,1079.539999,4891.18
6/13/2023,0,157.3,11877.88791,1105.55,5096.11
6/14/2023,0,155.239999,11971.01487,1042.27,4998.63
6/15/2023,0,151.48,12130.59042,983.939999,5274.96
6/16/2023,0,161.29,11210.70444,909.909998,4607.43
6/17/2023,0,173.46,9424.354218,509.99,3686.38
6/18/2023,0,175.83,10379.85668,527.829999,4169.8
6/19/2023,0,170.25,15406.13468,1102.409999,6196.81
6/20/2023,0,163.439999,14692.40739,1098.399999,5979.91
6/21/2023,0,169.04,16382.02898,1158.53,5649.1
6/22/2023,0,182.58,16911.04775,1006.329996,5166.87
6/23/2023,0,181.81,16455.81053,1035.319998,5289.76
6/24/2023,0,186.099998,12790.55476,534.99,3903.5
6/25/2023,0,194.929999,14013.74137,591.049997,4261.58
6/26/2023,0,186.279999,18463.42046,1304.599998,6392.19
6/27/2023,0,178,18980.04141,1234.219998,6340.64
6/28/2023,0,172.6,19867.9764,1251.759997,6375.61
6/29/2023,0,195.65,19648.94435,1256.84,5969.39
6/30/2023,0,182.569998,19379.39591,1168.379996,6492.89
7/1/2023,0,173.29,16314.74074,772.569997,4940.8
7/2/2023,0,192.8,15617.23056,635.199998,5135.67
7/3/2023,0,176.69,20571.68426,1362.089996,6886.29
7/4/2023,0,166.839999,17159.31119,1281.259999,5971.63
7/5/2023,0,163.63,14812.72254,1212.589999,5218.38
7/6/2023,0,164.04,13919.50964,1119.559993,4848.02
7/7/2023,0,160.209999,13701.60287,1085.399994,4556.24
7/8/2023,0,175.11,12200.98933,731.77,3894.73
7/9/2023,0,179.83,12589.51142,610.749996,4333.99
7/10/2023,0,176.4,17461.97334,1281.029997,6264.34
7/11/2023,0,168.919999,16559.95645,1211.359997,5450.3
7/12/2023,0,166.289999,16095.59326,1264.989999,5092.08
7/13/2023,0,166.04,14830.00145,1163.019996,4773.98
7/14/2023,0,160.5,14372.97432,1037.059998,4126.68
7/15/2023,0,172.019999,11476.42724,580.159999,3457.82
7/16/2023,0,183.14,12021.09877,572.689999,3756.96
7/17/2023,0,173.62,15499.92781,1026.879999,4312.06
7/18/2023,0,173.01,15156.84842,1191.159997,4126.49
7/19/2023,0,165.4,14148.61656,1068.319995,3843.59
7/20/2023,0,166.74,12508.98399,900.739999,3713.22
7/21/2023,0,163.48,12001.66715,777.569997,3716.6
7/22/2023,0,164.609999,10677.42965,432.379998,3125.16
7/23/2023,0,183.45,11141.22732,363,3295.51
7/24/2023,0,164.5,15235.4856,799.139992,4289.85
7/25/2023,0,151.009999,13938.785,743.889998,4111.81
7/26/2023,0,134.78,14949.16994,822.339998,4397.1
7/27/2023,0,123.91,12435.8464,752.529998,4233.69
7/28/2023,0,132.899999,10748.78525,594.629999,4425.71
7/29/2023,0,135.24,8808.321635,356.789998,3604.45
7/30/2023,0,149.3,11319.95376,370.82,4419.29
7/31/2023,0,142.8,12280.79377,791.779997,5814.85
8/1/2023,0,132.71,8406.342773,666.24,5207.84
8/2/2023,0,125.56,10231.20563,905.229997,5547.4
8/3/2023,0,131.45,11397.90816,822.859998,5271.53
8/4/2023,0,134.63,10440.29565,854.699997,4931.36
8/5/2023,0,137.84,9119.137157,485,3851.94
8/6/2023,0,148.809999,12229.49709,427.429996,4455.29
8/7/2023,0,146.81,17288.88011,888.98,6381.86
8/8/2023,0,140.24,16817.92842,974.049999,6086.25
8/9/2023,0,136.13,15091.25488,874.839996,5506.49
8/10/2023,0,133.9,14277.92401,875.569998,5159.87
8/11/2023,0,134.92,14484.20196,838.199996,5203.11
8/12/2023,0,139.1,12485.59785,472.2,4198.58
8/13/2023,0,150.91,13075.78006,500.279995,4650.83
8/14/2023,0,144.7,16454.87044,1117.879996,6908.5
8/15/2023,0,140.45,16816.46662,1027.519997,6327.06
8/16/2023,0,134.49,15542.11686,926.519999,5656.61
8/17/2023,0,136.68,15012.36174,995.89,5473.12
8/18/2023,0,130.68,15263.73005,954.249997,5744.55
8/19/2023,0,123.82,12545.0179,521.709997,4156.69
8/20/2023,0,135.03,11722.53917,490.65,4400.31
8/21/2023,0,131.199999,16147.49936,1286.449999,6576.7
8/22/2023,0,126.1,14467.46821,1299.289997,5822.85
8/23/2023,0,121.509999,15668.19438,1294.059998,5866.77
8/24/2023,0,121.2,16027.42913,1318.969996,6136.05
8/25/2023,0,117.93,17132.13635,1332.399998,6795.04
8/26/2023,0,121.89,14331.43037,776.849998,4694.65
8/27/2023,0,135.28,15182.6481,854.82,4576.96
8/28/2023,41.61,129.439999,17380.93755,900.979998,5665.26
8/29/2023,50.73,126.05,21242.59656,1378.449995,6802.93
8/30/2023,32.42,122.6,19110.22313,1398.239995,6519.13
8/31/2023,39.869999,120.559999,20695.99369,1477.449998,7310.85
9/1/2023,44.32,118.87,15928.90634,1420.089999,5999.23
9/2/2023,43.99,122.12,10431.29281,654.969998,4097.3
9/3/2023,41.21,134.98,10665.92162,562.479999,4367.01
9/4/2023,56.61,134.38,14581.85474,1128.07,6666.14
9/5/2023,64.37,134.72,14799.47172,1208.779998,6220.65
9/6/2023,66.74,133,14964.24495,1182.939997,6031.16
9/7/2023,82.389999,131.16,13237.94113,1367.619998,5917.01
9/8/2023,81.279999,132.07,12378.92974,1072.599996,5667.65
9/9/2023,74.7,132.74,9084.722916,687.039999,4193.05
9/10/2023,67.59,146.72,10214.86428,628.309996,4683.89
9/11/2023,40.269999,141.62,14266.64419,1220.419999,6640.79
9/12/2023,76.259999,130.41,13625.95987,1187.809999,6541.6
9/13/2023,59.69,116.04,12786.43675,1132.189996,6042.68
9/14/2023,51.13,114.72,13363.92556,1226.56,5753.1
9/15/2023,67.76,115.03,11679.83356,1043.299996,5429.53
9/16/2023,57.42,119.31,9592.927033,622.019999,4082.56
9/17/2023,57.13,129.79,11585.56164,559.549998,4919.38
9/18/2023,77.109999,124.489999,15087.41009,1157.119995,6537.97
9/19/2023,79.13,120.03,13375.08571,1111.909999,6027.38
9/20/2023,81.649999,148.98,12372.23109,1153.939995,5649.22
9/21/2023,85.15,151.25,12439.19586,1036.859997,5245.48
9/22/2023,85.94,150.13,11885.68755,1058.979998,4998.97
9/23/2023,95.48,154.06,9069.265826,646.709997,3869.16
9/24/2023,107.419999,160.909998,9929.541695,632.95,4267.51
9/25/2023,148.4,146.5,12826.6337,1169.759997,6233.72
9/26/2023,132.52,134.51,13373.24419,1139.019998,5907.06
9/27/2023,83.23,131.369999,14039.2715,1322.08,5787.4
9/28/2023,74.94,129.22,14589.54602,1238.829999,6588.71
9/29/2023,59.819999,126.87,14267.49373,1133.569999,6038.08
9/30/2023,58.6,131.899998,10710.19492,701.469998,4418.71
10/1/2023,61.2,142.449997,10811.39722,743.669998,4734.8
10/2/2023,59.86,136.799999,17028.01328,1554.639999,6929.58
10/3/2023,133.4,131.26,15319.25785,1462.029998,6627.25
10/4/2023,83.8,130.64,14314.05657,1492.149999,6249.36
10/5/2023,106.17,127.31,13949.19204,1512.939995,5692.96
10/6/2023,84.399999,129.199999,13157.20849,1188.479997,5329.45
10/7/2023,71.26,132.62,9475.243271,707.119998,4033.07
10/8/2023,73.99,142.27,9059.969702,695.32,4223.11
10/9/2023,72,137.33,12873.86589,1426.549994,6005.27
10/10/2023,95.5,134.619998,12287.77581,1366.689994,5986.98
10/11/2023,99.03,132.939999,8739.178574,1031.109999,3297.43
10/12/2023,70.43,118.36,11126.42966,1324.119997,5189.32
10/13/2023,65.589999,116.05,11256.33959,1100.669997,5002.18
10/14/2023,59.309999,118.719999,8810.369462,651.38,3761.77
10/15/2023,64.93,128.299998,8818.807214,609.849999,3998.05
10/16/2023,58.83,122.829999,13043.31742,1287.019995,5736.19
10/17/2023,70.48,118.939999,10908.86982,1191.439999,5229.47
10/18/2023,67.61,117.18,12244.98853,1232.569997,5074.7
10/19/2023,71.63,115.029999,12036.27481,1220.939997,4727.35
10/20/2023,61.35,116.74,10828.1666,1239.399997,4966.03
10/21/2023,61.119999,120.31,8848.706495,713.099998,3861.94
10/22/2023,77.569999,125.079999,7755.407345,635.659996,3662.56
10/23/2023,83.069998,128.18,10483.11394,1298.789998,5321.24
10/24/2023,131.08,123.35,10932.44481,1317.879997,5325.17
10/25/2023,132.94,117.4,11339.68592,1531.929996,5090.54
10/26/2023,128.55,113.24,11336.81993,1368.709995,5127.36
10/27/2023,124.2,114.819998,11650.76676,1402.489997,5310.97
10/28/2023,116.01,118.43,9127.302494,708.58,3996.94
10/29/2023,135.67,121.91,10139.20232,623.859997,4218.05
10/30/2023,142.55,115.179999,13555.68656,1251.379996,6038.22
10/31/2023,125.48,138.63,12379.65167,1169.959993,5809.21
11/1/2023,109.75,147.39,15103.99188,1354.329993,6486.77
11/2/2023,109.31,148.53,15495.02071,1440.489994,5929.92
11/3/2023,115.099999,152.44,14537.36118,1065.639999,5387.75
11/4/2023,100.669998,149.85,11113.06857,730.009996,3881.24
11/5/2023,103.27,163.499998,10965.27253,618.469997,4136.39
11/6/2023,107.02,148.83,14875.51078,1313.739996,5952.51
11/7/2023,87.329998,141.209999,14198.52891,1282.629996,5429.61
11/8/2023,65.39,141.81,13494.3137,1454.199993,5468
11/9/2023,64.329999,142.38,13125.69282,1297.009997,5004
11/10/2023,64.4,138.799999,13314.68439,1328.759996,5031.49
11/11/2023,64.15,151.869999,9637.135388,684.229997,3480.64
11/12/2023,80.89,163.2,10041.94539,599.539999,4052.96
11/13/2023,67.489999,158.29,13509.71349,1353.499992,5556.37
11/14/2023,65.15,154.699999,13838.51823,1284.309998,5257.25
11/15/2023,81.099998,152.76,13740.62463,1258.209997,5158.21
11/16/2023,78.94,151.279999,11542.48377,1297.429995,4808.22
11/17/2023,76.46,145.17,10706.59917,1185.799997,4102.67
11/18/2023,81.09,145.66,8362.506137,717.829998,3184.79
11/19/2023,95.02,162.75,8430.304988,640.869999,3677.5
11/20/2023,123.039999,151.72,11253.76256,1278.759998,5130.89
11/21/2023,96.56,157.3,10458.59219,1271.669993,4949.72
11/22/2023,99.4,157.34,11740.58423,1384.649995,4590.59
11/23/2023,85.22,185.999998,11744.45946,1222.809998,4567.22
11/24/2023,78.17,302.99,13336.00766,1154.419997,4984.39
11/25/2023,70.07,373.81,10402.12817,610.579997,3346.77
11/26/2023,91.02,409.999999,11021.15689,615.079997,3883.05
11/27/2023,85.82,308.06,15296.27489,1299.109998,5870.5
11/28/2023,83.279999,240.88,14121.88234,1239.979995,4940.24
11/29/2023,96.82,218.46,13888.13336,1267.059992,4679.36
11/30/2023,91.03,222.89,13538.92362,1355.789996,4952.27
12/1/2023,80.2,214.74,12370.74074,1052.019997,4428.62
12/2/2023,88.379998,214.01,9700.406631,573.959998,3350.7
12/3/2023,86.75,233.38,10279.8765,583.589999,3686.62
12/4/2023,94.84,221.4,14198.23493,1280.019998,5543.75
12/5/2023,65.23,214.89,14388.33501,1281.359997,5092.45
12/6/2023,91.23,208.63,14401.6609,1115.689997,4859.06
12/7/2023,98.81,207.449999,13387.15813,1131.84,4572.48
12/8/2023,89.71,205.11,11658.35052,985.119997,4438.74
12/9/2023,101.56,214.14,9516.833589,597.819999,3401.14
12/10/2023,114.94,233.72,9591.01177,615.02,3753.21
12/11/2023,119.59,221.8,14537.8253,1284.989997,5489.86
12/12/2023,116.549999,186.469999,13301.5188,1085.379997,5195.47
12/13/2023,101.15,177.149999,13081.59974,1268.029997,4804.65
12/14/2023,99.42,197.18,11822.28359,1355.999998,4730.68
12/15/2023,95.199998,200.68,10433.63669,1262.909998,4898.42
12/16/2023,97.8,201.53,8476.1575,566.809998,3410.64
12/17/2023,106.09,220.21,9335.759026,531.039997,3411.49
12/18/2023,109.09,187.58,10050.53792,1215.599997,5232.29
12/19/2023,103.989999,159.5,8406.189754,1140.829999,4329.34
12/20/2023,90.56,124.65,7613.932371,1193.279998,3649.44
12/21/2023,107.18,94.36,7612.764252,1073.389998,3374.78
12/22/2023,91.309999,71.01,4351.451998,927.059997,2954.8
12/23/2023,77.05,68.09,2857.926074,465.309997,1897.53
12/24/2023,44.78,73.84,2010.550008,276.879997,1205.85
12/25/2023,36.27,70.92,1255.493392,181.699999,618
12/26/2023,67.23,70.13,2635.823388,445.079998,1812.15
12/27/2023,96.39,68.74,9394.76625,968.309995,3731.92
12/28/2023,97.939998,68.28,11323.48761,1123.279998,4230.45
12/29/2023,114.33,68.069999,12184.9033,1213.349999,4549.77
12/30/2023,100.489998,70.01,9121.426313,670.619999,3447
12/31/2023,66.52,73.579999,6898.074393,505.78,2906
1/1/2024,84.18,71.5,7661.761332,617.26,3546.46
1/2/2024,36.41,69.47,13489.81268,1334.799999,5645.17
1/3/2024,0,90.07,13731.27881,1433.369992,5531.29
1/4/2024,0,107.379999,14133.01847,1662.629999,5223.1
1/5/2024,0,106.939999,12908.58859,1354.15,5060.62
1/6/2024,0,108.28,9559.090326,663.329999,3665.65
1/7/2024,0,117.66,9470.181865,633.589997,3863.25
1/8/2024,0,146.999999,14340.027,1301.669994,5698.77
1/9/2024,0,215.35,14966.55119,1252.059998,5337.03
1/10/2024,0,295.16,13463.27507,1345.209998,4845.19
1/11/2024,0,331.94,12221.14434,1456.469998,4749.46
1/12/2024,0,336.03,11987.02586,1176.809992,4247.1
1/13/2024,0,339.49,8788.528338,614.34,3271.67
1/14/2024,0,376.649999,7862.571135,627.929997,3390.94
1/15/2024,0,357.93,10870.3024,1124.519998,4758.13
1/16/2024,0,348.63,9303.446583,1094.209998,4462.02
1/17/2024,0,341.64,10152.30843,1003.019997,4563.92
1/18/2024,0,342.25,10819.85756,1027.079996,4338.97
1/19/2024,0,338.629999,11012.0079,940.339997,4367.54
1/20/2024,0,343.67,8320.385504,531.409999,3142.18
1/21/2024,0,376.89,8132.687631,493.6,3328.39
1/22/2024,0,360.9,10532.61688,1006.759999,4728.2
1/23/2024,0,348.26,12048.33637,996.369998,4762.34
1/24/2024,0,347.049999,11996.24582,1062.739996,4593.37
1/25/2024,0,344.36,11392.85761,1191.13,4901.24
1/26/2024,57.62,336.129999,10511.26878,982.279998,3985.65
1/27/2024,109.78,331.81,8897.723424,578.649999,3485.49
1/28/2024,112.25,375.75,9836.778458,539.35,3707.16
1/29/2024,116.269999,359.22,13623.8747,1138.389999,4280.52
1/30/2024,79.409998,348.76,12250.42758,1058.749998,4954.73
1/31/2024,127.339999,343.35,13518.54467,1135.089998,5750.02
2/1/2024,217.31,343.04,13808.65425,1205.729996,4880.01
2/2/2024,207.09,337.93,12934.92885,1099.629999,3998.93
2/3/2024,198.849999,341.73,9753.908306,728.709993,2912.35
2/4/2024,202.96,377.59,9042.824082,836.879998,3296.21
2/5/2024,231.829999,358,12689.36676,1325.549999,4972.83
2/6/2024,198.279998,346.42,12763.93569,1274.079997,4690.24
2/7/2024,172.919999,268.07,14482.8411,1127.749998,4481.59
2/8/2024,133.069998,241.929999,13343.47635,1261.199999,3774.17
2/9/2024,160.21,280.829998,12850.6859,1022.799998,4001.15
2/10/2024,160.2,344.309998,10537.54158,683.679999,2840.79
2/11/2024,138.059999,373.13,9447.666565,725.949996,2796.39
2/12/2024,132.34,356.02,12552.09996,1043.549996,4255.25
2/13/2024,151.7,349.66,11672.32874,1050.169998,4078.16
2/14/2024,237.25,345.51,12187.41391,957.849992,4092.46
2/15/2024,221.319999,341.479999,12605.86504,970.769998,4453.11
2/16/2024,338.51,306.879999,11980.65967,944.8,4328.45
2/17/2024,226.889999,299.03,9706.678762,559.249999,3216.37
2/18/2024,160.799998,314.819999,9109.103599,506.169999,3375.39
2/19/2024,161.419997,307.369999,12606.02113,1136.369996,5009.26
2/20/2024,154.509998,296.519999,11698.75204,1408.919996,4879.29
2/21/2024,204.139997,290.49,11902.92722,1694.909995,4757.12
2/22/2024,211.5,290.39,12070.67736,1642.609998,4661.12
2/23/2024,290.499999,199.329999,12425.09577,1448.239997,4972.58
2/24/2024,298.129998,152.78,9448.312214,1119.249998,3548.9
2/25/2024,301.71,168.109999,10242.54061,1041.729993,3949.26
2/26/2024,365.74,154.599999,13903.45573,1897.029994,5593.8
2/27/2024,299.279999,141.93,12802.52446,1893.749994,5018.37
2/28/2024,376.87,134.8,13405.05506,2074.559991,5507.51
2/29/2024,185.08,158.84,13239.16584,2124.259997,5449.74
3/1/2024,180.94,213.83,12692.70783,2011.149997,5077.86
3/2/2024,169.9,232.31,11665.84667,1235.18,4210.32
3/3/2024,178.999999,247.2,11183.21293,1255.079998,4179.59
3/4/2024,270.609999,259.07,14936.72718,2001.749998,5441.15
3/5/2024,326.819999,264.399999,13859.23277,1853.529996,5359.91
3/6/2024,349.259999,268.85,13973.42792,1892.809997,5864.21
3/7/2024,314.259999,267.86,13246.68123,1400.759997,5489.24
3/8/2024,340.299999,265.369999,12528.75458,1224.019999,4969.45
3/9/2024,349.43,289.709999,9843.478727,699.35,3713.07
3/10/2024,331.749998,291.33,10312.28162,662.859997,3939.81
3/11/2024,187.319999,277.779999,14826.05285,1259.469998,5675.54
3/12/2024,185.02,271.82,20397.30112,1484.149995,5576.16
3/13/2024,137.869999,269.79,16235.36159,1311.749992,5418.45
3/14/2024,134.979998,269.229999,15375.89145,1183.67,4843.86
3/15/2024,153.679998,267.649999,13893.22922,1203.859996,4781.77
3/16/2024,155.729999,276.58,10426.08344,570.549996,3783.25
3/17/2024,156.83,289.86,11984.00337,670.469997,4431.2
3/18/2024,166.82,276.79,13009.87103,1240.189993,5254.57
3/19/2024,162.11,268.739999,12519.57486,1172.699999,4610.47
3/20/2024,154.619999,265.049999,12088.73947,1237.469997,5344.53
3/21/2024,143.489999,263.51,11913.71242,1149.329996,4822.45
3/22/2024,177.78,248.599999,10676.44351,1204.129998,4728.12
3/23/2024,158.44,251.09,9134.18417,654.77,3870.54
3/24/2024,166.539999,266.5,8957.724831,671.819997,3903.51
3/25/2024,130.289999,245.04,13658.38908,1235.439997,6230.19
3/26/2024,141.07,205.009999,12337.51893,1039.459997,5130.77
3/27/2024,162.519998,184.299999,11957.77657,1381.399994,5258.94
3/28/2024,163.389999,178.2,11625.45194,1330.699995,5236.4
3/29/2024,164.03,174.23,8927.444777,722.409995,3517.59
3/30/2024,138.889998,188.65,7062.275002,667.599999,2799.39
3/31/2024,143.799999,200.9,6532.401336,603.739997,2685.26
4/1/2024,123.4,191.339998,8379.833254,894.079999,3748.25
4/2/2024,122.28,184.249999,12013.78057,1488.009994,5216.04
4/3/2024,128.299999,240.63,12540.70799,1498.589997,4842.33
4/4/2024,123.19,265.15,13011.37964,1388.009998,5156.9
4/5/2024,131.76,266.1,11843.19312,1438.389995,4918.52
4/6/2024,121.689999,269.11,8188.164684,941.519997,3460.39
4/7/2024,112.46,291.15,8658.122185,810.84,3833.86
4/8/2024,151.379998,276.43,12764.10769,1535.779994,5471.5
4/9/2024,167.71,269.639999,12564.25887,1628.139995,5351.09
4/10/2024,134.54,266.09,12924.60731,1667.719994,4600.3
4/11/2024,123.1,261.33,11629.65603,1485.429999,4571.37
4/12/2024,128.66,261.499999,11130.84483,1273.569997,4246.87
4/13/2024,113.84,273.65,8231.94787,815.909994,3301.75
4/14/2024,125.23,277.11,8426.253693,808.789999,3595.38
4/15/2024,122.27,272.74,13925.98021,1623.359996,5410.02
4/16/2024,131.68,264.669999,13362.28699,1484.369993,4852.76
4/17/2024,137.399998,271.06,13645.02912,1380.059997,4878.17
4/18/2024,109.989999,237.84,12344.57083,1417.259995,4316.12
4/19/2024,143.399999,252.02,11690.07918,1324.149998,4312.28
4/20/2024,116.599999,255.689999,8591.392018,743.919999,2845.33
4/21/2024,134.01,271.71,9252.684989,732.259996,3343.81
4/22/2024,136.999999,257.97,13805.01766,1362.599998,4991.96
4/23/2024,132.7,252.33,12897.54694,1315.709998,4849.32
4/24/2024,140.31,245.99,12458.47626,1279.809997,4819.68
4/25/2024,148.709999,248.66,12970.22091,1515.109999,4978.49
4/26/2024,132.529998,246.29,13808.99571,1332.779998,4960.07
4/27/2024,110.21,257.109999,12278.0036,962.629999,3742.33
4/28/2024,152.399999,266.81,12667.72976,1069.139998,4068.12
4/29/2024,159.219999,238.79,15719.6738,1580.299999,5566.39
4/30/2024,161.22,226.04,16189.35755,1452.819997,5837.94
5/1/2024,140.469999,249.3,17018.30746,1561.069992,5666.68
5/2/2024,136.86,258.56,16073.19582,1423.719998,5185.63
5/3/2024,168.45,300.739998,15336.02938,1369.379995,4811.78
5/4/2024,120.9,306.68,11028.99162,841.219999,3396.44
5/5/2024,131.45,344.18,10731.67082,770.569998,3325.61
5/6/2024,102.279998,329.459999,11280.0277,977.269996,4302.51
5/7/2024,708.24,320.11,12889.10878,1564.319995,5318.43
5/8/2024,720.859999,323.409999,13555.60591,1394.259996,5161.21
5/9/2024,727.379999,338.97,14471.05506,1363.709996,4911.88
5/10/2024,729.419999,324.94,13185.44836,1267.449992,4718.54
5/11/2024,685.69,314.82,9206.146501,639.669998,3114.35
5/12/2024,691.9,355.09,10826.28306,811.889997,4097.63
5/13/2024,727.569999,336.8,16629.59395,1634.529995,5964.39
5/14/2024,745.479999,303.209999,16370.36109,1786.219991,5701.55
5/15/2024,727.21,217.879999,15159.93961,1496.469996,5302.58
5/16/2024,713.289999,215.13,14312.20406,1436.899994,4993.82
5/17/2024,696.919999,217.689999,12270.48325,1219.999997,4878.1
5/18/2024,112.019998,229.399999,9948.687046,741.549996,3456.39
5/19/2024,179.899999,228.33,9295.362381,652.449997,3520.45
5/20/2024,281.51,238.72,14756.19457,1544.519996,5519.54
5/21/2024,1413.55,203.58,13467.54603,1421.789997,5282.46
5/22/2024,1406.41,174.59,14525.6722,1444.679999,5000.36
5/23/2024,1137.369999,174.93,14194.68814,1378.689998,5054.38
5/24/2024,803.379998,177.64,13120.813,1325.899996,5165.55
5/25/2024,773.219999,183.46,9178.506782,659.209998,3554.71
5/26/2024,764.289999,192.14,9845.671274,679.569999,3479.87
5/27/2024,711.959999,180.909999,11064.40074,893.729996,4259.38
5/28/2024,663.94,185.15,7997.142174,1616.339998,4217.25
5/29/2024,597.67,184.41,6795.954784,1526.31999,4368.71
5/30/2024,602.95,186.239999,10171.7437,1401.529994,4268.99
5/31/2024,606.17,187.499999,10722.25214,1428.629993,4689.74
6/1/2024,0,182.369999,8172.305055,683.719996,3571.35
6/2/2024,0,190.76,7962.591888,688.669994,3354.59
6/3/2024,52.4,177.85,12727.23177,1460.599997,5440.36
6/4/2024,83.65,177.11,13832.97105,1574.949999,5464.13
6/5/2024,102.249999,177.98,13371.00776,1574.689995,4755.12
6/6/2024,99.75,167.8,12505.59584,1354.699996,4545.27
6/7/2024,130.749998,180.74,12394.96753,1407.019995,4371.17
6/8/2024,147.159999,187.62,9707.598445,769.989997,3459.04
6/9/2024,142.899999,189.62,10057.78196,898.169991,3597.98
6/10/2024,147.049998,184.709999,14610.15974,1474.249998,5400.59
6/11/2024,145.01,174.19,13112.65429,1484.399997,4955.85
6/12/2024,147.02,178.72,13688.57488,1472.179994,4644.76
6/13/2024,143.61,186.89,12608.76668,1558.919996,4615.61
6/14/2024,138.659999,200.73,13068.49247,1310.849997,4487.84
6/15/2024,122.839999,210.109999,10432.01807,800.619999,3312.73
6/16/2024,144.46,219.36,9968.157362,647.829999,3563.44
6/17/2024,128.65,212.25,15325.68508,1572.779993,5388.68
6/18/2024,135.97,199.44,14601.58586,1452.42,4939.87
6/19/2024,112.659999,202.52,13674.4604,1433.069997,4592.25
6/20/2024,132.389999,201.399999,12848.68074,1268.129999,4327.04
6/21/2024,112.819999,206.67,12627.62277,1126.839995,4375.93
6/22/2024,118.029999,219.669999,10320.80687,755.809999,3248.4
6/23/2024,125.36,219.8,9987.800658,754.479995,3468.71
6/24/2024,115.15,357.88,16005.05855,1434.109995,5287.23
6/25/2024,124.239998,412.5,16058.96171,1355.919997,4900.62
6/26/2024,143.349999,444.949999,12281.23669,909.749997,3974.98
6/27/2024,145.67,461.639998,18582.82114,1268.15999,5056.71
6/28/2024,174.849999,476.099999,16452.2438,1360.739998,5710.69
6/29/2024,165.46,450.269999,13451.88931,721.469999,3706.05
6/30/2024,166.12,505.82,14180.75818,766.169997,4232.32
7/1/2024,182.72,399.449999,20445.55776,1845.399996,6429.81
7/2/2024,197.039999,202.369999,17519.31874,1747.409996,5922.89
7/3/2024,154.419998,194.63,16801.45769,1781.889995,5342.34
7/4/2024,158.37,199.8,15148.45993,1257.029999,4939.3
7/5/2024,154.659998,204.41,13806.65011,1287.459996,4958.64
7/6/2024,153.34,230.85,10217.17049,802.529998,3858.42
7/7/2024,161.769998,212.95,10517.81815,860.369997,3976.93
7/8/2024,161.32,200.45,15218.61039,1672.929997,5651.27
7/9/2024,159.499997,208.73,14756.42445,1981.539993,5266.43
7/10/2024,157.439999,195.7,14146.98331,1760.019994,4885.68
7/11/2024,146.38,197.25,13632.20081,1616.329995,4871.58
7/12/2024,153.1,208.05,11915.35454,1488.589998,4582.39
7/13/2024,151.8,238.3,9661.231211,753.599999,3632.12
7/14/2024,165.16,212.67,9351.48717,684.29,3431.67
7/15/2024,206.23,208.18,14915.07312,1530.099992,5681.62
7/16/2024,275.41,269.63,14910.70961,1443.209993,5418.44
7/17/2024,198.349999,292.64,13950.24553,1388.329997,4822.56
7/18/2024,156.979999,259.9,12772.46221,1543.469999,4772.47
7/19/2024,163.94,266.879999,10991.32825,1296.479996,4425.58
7/20/2024,154.509999,283.479999,9244.07847,947.079995,3527.67
7/21/2024,155.1,286.41,10009.56401,682.889995,3884.48
7/22/2024,80.36,277.46,15290.86755,1605.289995,5944.45
7/23/2024,81.38,275.65,13684.13041,1398.589995,5646.38
7/24/2024,78.749999,311.23,13732.1118,1574.619997,5537.38
7/25/2024,81.889998,367.71,14213.66828,1641.429998,5587.19
7/26/2024,80.79,384.749999,13087.33456,1137.239992,5340.73
7/27/2024,78.62,381.18,9937.070528,685.489997,3905.07
7/28/2024,78.679999,390.15,9273.434891,524.289997,3643.83
7/29/2024,81.08,314.329999,14294.4023,1155.949999,4976.94
7/30/2024,79.27,277.79,12663.63302,1204.53,5058.73
7/31/2024,181.019999,292.279999,14017.30112,1280.95,5580.01
8/1/2024,191.959999,327.139999,14245.52553,1185.009998,5578.55
8/2/2024,172.87,343.95,13933.17007,1081.419996,5034.36
8/3/2024,146.569999,365.59,11957.76761,628.109997,4101.3
8/4/2024,158.609999,362.219999,11890.50763,667.829999,4574.87
8/5/2024,188.73,343.21,17940.51763,1393.119994,6151.6
8/6/2024,165.71,334.23,16210.73231,1379.009993,5841.69
8/7/2024,200.599999,294.17,17247.51625,1265.26,5527.46
8/8/2024,234.489998,214.319999,16441.2212,1490.629998,5403.41
8/9/2024,236.999999,207.79,15068.88966,1215.139996,5011.84
8/10/2024,222.089999,210.709999,11338.68346,793.759999,3653.72
8/11/2024,99.78,221.139998,10428.38721,667.539999,3775.33
8/12/2024,148.139999,233.579998,14938.81097,1457.359997,5412.56
8/13/2024,155.99,239.3,14953.35419,1325.359997,5279.96
8/14/2024,181.699998,233.82,14724.27848,1146.809998,4643.6
8/15/2024,171.12,229.029998,14983.28831,1295.879998,5067.66
8/16/2024,165.76,238.46,13823.20266,1058.859996,4842.16
8/17/2024,147.24,269.399999,10758.57324,745.609996,3446.68
8/18/2024,154.72,247.159999,8885.545911,677.769997,3619.18
8/19/2024,183.269998,241.64,14845.97891,1268.319996,5537.25
8/20/2024,171.589997,240.539999,14453.40069,1035.249999,5059.2
8/21/2024,160.23,238.609999,14478.27106,1079.179998,4984.87
8/22/2024,163.86,198.879999,14417.93645,1015.009995,4666.66
8/23/2024,178.949998,186.02,13887.20907,854.209997,5122.23
8/24/2024,173.609998,192.15,5803.392677,652.189997,3484.02
8/25/2024,125.859999,189.58,4943.906571,589.429998,2882.19
8/26/2024,136.809997,187.51,10389.60601,762.509997,3876.43
8/27/2024,168.449999,194.32,16301.35308,1269.089994,5358.82
8/28/2024,171.519998,221.47,17287.90768,1416.529993,5541.76
8/29/2024,124.64,244.839999,17478.47322,1860.019996,4875.3
8/30/2024,150.88,246.06,16662.99246,1402.019999,5595.5
8/31/2024,134.23,234.589999,11552.67046,848.519998,3805.54
9/1/2024,111.82,245.2,12040.78071,706.309997,4460.35
9/2/2024,157.259999,216.4,18833.02146,1724.339994,6020.44
9/3/2024,213.859999,191.65,15990.40898,1626.579995,5931.23
9/4/2024,301.099995,188.75,16574.60824,1468.439992,5783.44
9/5/2024,285.409998,198.76,16266.55286,1474.619997,5490.53
9/6/2024,242.149999,203.41,14956.58758,1297.289995,5123.69
9/7/2024,272.309998,205.399999,11587.7897,844.539998,3961.45
9/8/2024,281.88,208.68,11520.75664,872.009995,4186.47
9/9/2024,269.309999,200.77,16455.4478,1510.769997,5816.61
9/10/2024,277.099999,187.59,15777.11493,1496.879996,5561.97
9/11/2024,396.419999,171.43,15946.25363,1439.219992,5104.09
9/12/2024,563.059999,164.08,14886.34942,1334.139994,4791.92
9/13/2024,532.24,165.96,14001.99066,1188.329995,4785.39
9/14/2024,499.729999,194.87,11076.1243,659.349998,3655.06
9/15/2024,650.46,188.129999,11714.28119,820.079999,4114.78
9/16/2024,445.839999,187.099998,15968.74519,1563.309995,5393.52
9/17/2024,474.549999,180.589998,15270.68268,1519.349988,4973.28
9/18/2024,485.94,175.639999,15613.62075,1513.439998,5038.19
9/19/2024,400.17,213.56,14744.69812,1532.189997,4523.85
9/20/2024,389.85,229.56,14115.2004,1447.239996,4826.06
9/21/2024,199.26,241.419999,11038.28714,993.139997,3455.13
9/22/2024,159.36,204.52,11671.60673,956.429995,3835.42
9/23/2024,324.049999,244.29,15303.23594,1497.559993,5538.51
9/24/2024,202.3,223.23,13236.65004,1360.589993,4780.03
9/25/2024,313.04,236.279999,12351.19187,1418.019995,4673.13
9/26/2024,414.389998,210.64,12974.36211,1338.199999,4812.33
9/27/2024,548.909999,164.899998,15594.23103,1426.629998,4987.08
9/28/2024,515.019999,171.49,11430.70113,858.669998,3468.67
9/29/2024,486.429998,189.07,11300.73537,927.12,3938.3
9/30/2024,712.079999,283.3,17601.79263,1807.479992,6184.9